%% 参考文献リスト

@article{DE1,
  title={Differential evolution--a simple and efficient heuristic for global optimization over continuous spaces},
  author={Storn, R. and Price, K.},
  journal={Journal of global optimization},
  volume={11},
  number={4},
  pages={341--359},
  year={1997},
  publisher={Springer}
}

@article{DE,
  title={機械学習を用いた差分進化の性能改善},
  author={牛山泰伸 and others},
  year={2015}
}
@article{マツダベンチマーク問題,
  title={応答曲面法を用いた複数車種の同時最適化ベンチマーク問題の提案},
  author={小平剛央 and 釼持寛正 and 大山聖 and 立川智章},
  journal={進化計算学会論文誌},
  volume={8},
  number={1},
  pages={11--21},
  year={2017},
  publisher={進化計算学会}
}
@article{評価回数,
  title={進化計算コンペティション 2017 開催報告},
  author={大山聖},
  journal={進化計算学会論文誌},
  volume={9},
  number={2},
  pages={86--92},
  year={2018},
  publisher={進化計算学会}
}
@article{ε制約法,
  title={数理解析研究所講究録第 1584 巻 2008 年 90-101},
  author={阪井節子 and 高濱徹行},
  journal={数理解析研究所講究録},
  volume={1584},
  pages={90--101},
  year={2008}
}
@article{εDE,
  title={低精度近似モデルを利用した $\varepsilon$ 制約 Differential Evolution による効率的な制約付き最適化},
  author={高濱徹行 and 阪井節子},
  journal={人工知能学会論文誌},
  volume={24},
  number={1},
  pages={34--45},
  year={2009},
  publisher={一般社団法人 人工知能学会}
}
@article{先行研究,
  title={$\varepsilon$ 制約法とパレート的アプローチを用いた Differential Evolution による複数車両の同時最適化},
  author={串田淳一 and 原章 and 高濱徹行},
  journal={進化計算学会論文誌},
  volume={10},
  number={1},
  pages={2--11},
  year={2019},
  publisher={進化計算学会}
}
@article{εレベル制御,
  title={$\varepsilon$ 制約遺伝的アルゴリズムによる制約付き最適化},
  author={高濱徹行 and 阪井節子 and others},
  journal={情報処理学会論文誌},
  volume={47},
  number={6},
  pages={1861--1871},
  year={2006}
}

@article{α法,
  title={制約付き非線形最適化手法 $\alpha$ 制約法によるファジー制御ルールの 最適化},
  author={高濱徹行 and 阪井節子},
  journal={電子情報通信学会論文誌 A},
  volume={82},
  number={5},
  pages={658--668},
  year={1999},
  publisher={The Institute of Electronics, Information and Communication Engineers}
}



@article{EA1,
  title={厳しい計算回数制限下における多変数最適化問題への効果的アプローチの提案},
  author={開発 拓也 and 渡邉 真也},
  journal={進化計算学会論文誌},
  volume={9},
  number={3},
  pages={93-102},
  year={2019},
}


@article{EA2,
  title={Problem definitions and evaluation criteria for the cec 2017 competition on constrained real-parameter optimization},
  author={Wu, Guohua and Mallipeddi, R and Suganthan, PN},
  journal={National University of Defense Technology, Changsha, Hunan, PR China and Kyungpook National University, Daegu, South Korea and Nanyang Technological University, Singapore, Technical Report},
  year={2017}
}




