@article{EA1,
  title={厳しい計算回数制限下における多変数最適化問題への効果的アプローチの提案},
  author={開発 拓也 and 渡邉 真也},
  journal={進化計算学会論文誌},
  volume={9},
  number={3},
  pages={93-102},
  year={2019},
}


@article{EA2,
  title={Problem definitions and evaluation criteria for the cec 2017 competition on constrained real-parameter optimization},
  author={Wu, Guohua and Mallipeddi, R and Suganthan, PN},
  journal={National University of Defense Technology, Changsha, Hunan, PR China and Kyungpook National University, Daegu, South Korea and Nanyang Technological University, Singapore, Technical Report},
  year={2017}
}


@article{DE,
  title={Differential evolution--a simple and efficient heuristic for global optimization over continuous spaces},
  author={Storn, R. and Price, K.},
  journal={Journal of global optimization},
  volume={11},
  number={4},
  pages={341--359},
  year={1997},
  publisher={Springer}
}

